<record><leader>00000cas a22000007a 4500</leader><controlfield tag="001">20022669</controlfield><controlfield tag="008">890717d19121974pauwr ne      0    0eng d</controlfield><datafield ind1=" " ind2=" " tag="010"><subfield code="a">sn 89077567 </subfield></datafield><datafield ind1=" " ind2=" " tag="040"><subfield code="a">NPH</subfield><subfield code="b">eng</subfield><subfield code="c">NPH</subfield><subfield code="d">OCLCQ</subfield></datafield><datafield ind1=" " ind2=" " tag="042"><subfield code="a">msc</subfield></datafield><datafield ind1="0" ind2="4" tag="245"><subfield code="a">The Mount Joy bulletin.</subfield></datafield><datafield ind1="1" ind2="3" tag="246"><subfield code="a">Bulletin</subfield></datafield><datafield ind1=" " ind2=" " tag="260"><subfield code="a">Mount Joy, Penn'a. :</subfield><subfield code="b">J.E. Schroll,</subfield><subfield code="c">1912-</subfield></datafield><datafield ind1=" " ind2=" " tag="300"><subfield code="a">v. :</subfield><subfield code="b">ill. (chiefly advertisements) ;</subfield><subfield code="c">60 cm.</subfield></datafield><datafield ind1=" " ind2=" " tag="310"><subfield code="a">Weekly</subfield></datafield><datafield ind1="0" ind2=" " tag="362"><subfield code="a">Vol. 10, no. 36 (Jan. 31, 1912)-</subfield></datafield><datafield ind1="1" ind2=" " tag="362"><subfield code="a">Ceased in 1974?</subfield></datafield><datafield ind1=" " ind2=" " tag="752"><subfield code="a">United States</subfield><subfield code="b">Pennsylvania</subfield><subfield code="c">Lancaster</subfield><subfield code="d">Mount Joy.</subfield></datafield><datafield ind1="0" ind2="0" tag="780"><subfield code="t">Weekly bulletin (Florin, Pa.)</subfield><subfield code="w">(DLC)sn 89077566</subfield></datafield><datafield ind1="0" ind2="5" tag="780"><subfield code="t">Mount Joy star and news</subfield><subfield code="w">(DLC)sn 87080370</subfield></datafield><datafield ind1="0" ind2="0" tag="785"><subfield code="t">Susquehanna times &amp; the Mount Joy bulletin</subfield><subfield code="w">(DLC)sn 89077568</subfield></datafield></record>